<?xml version="1.0" encoding="UTF-8"?><record xmlns="http://www.loc.gov/MARC21/slim" xmlns:cinclude="http://apache.org/cocoon/include/1.0" xmlns:zs="http://www.loc.gov/zing/srw/">
  <leader>00446nz  a2200121n  4500</leader>
  <controlfield tag="001">nr 96023448 </controlfield>
  <controlfield tag="003">DLC</controlfield>
  <controlfield tag="005">19960627052940.1</controlfield>
  <controlfield tag="008">960625n| acannaab|          |n aaa     c</controlfield>
  <datafield tag="010" ind1=" " ind2=" ">
    <subfield code="a">nr 96023448 </subfield>
  </datafield>
  <datafield tag="040" ind1=" " ind2=" ">
    <subfield code="a">NjP</subfield>
    <subfield code="c">NjP</subfield>
  </datafield>
  <datafield tag="100" ind1="1" ind2="0">
    <subfield code="a">Andrade, Miquel</subfield>
    <subfield code="q">(Miquel E.)</subfield>
  </datafield>
  <datafield tag="670" ind1=" " ind2=" ">
    <subfield code="a">Pequen̋as empresas forestales de Bolivia, 1991:</subfield>
    <subfield code="b">t.p. verso (Miquel Andrade) p. 6 (Miquel E. Andrade, responsable de promoción de pequen̋as industrias forestales, Proyecto DFPA)</subfield>
  </datafield>
</record>